@inproceedings{wupalmer,
author = {Wu, Zhibiao and Palmer, Martha},
year = {1994},
month = {01},
pages = {133-138},
title = {Verbs Semantics and Lexical Selection},
journal = {Proceedings of the 32nd Annual Meeting on Association for Computational Linguistics},
doi = {10.3115/981732.981751}
}

 @Book{wordnet,
    title = {WordNet: An Electronic Lexical Database},
    author = {Christiane Fellbaum},
    year = {1998},
    publisher = {Bradford Books},
  }

@article{rada89,
author = {Rada, Roy and Mili, Hafedh and Bicknell, Ellen and Blettner, Maria},
year = {1989},
month = {02},
pages = {17 - 30},
title = {Development and application of a metric on semantic nets},
volume = {19},
journal = {Systems, Man and Cybernetics, IEEE Transactions on},
doi = {10.1109/21.24528}
}

@inproceedings{wupmod,
author = {Guessoum, Djamel and Miraoui, Moeiz and Tadj, Chakib},
year = {2016},
month = {10},
pages = {},
title = {A modification of Wu and Palmer Semantic Similarity Measure}
}

@inproceedings{resnik,
author = {Resnik, Philip},
title = {Using Information Content to Evaluate Semantic Similarity in a Taxonomy},
year = {1995},
isbn = {1558603638},
publisher = {Morgan Kaufmann Publishers Inc.},
address = {San Francisco, CA, USA},
booktitle = {Proceedings of the 14th International Joint Conference on Artificial Intelligence - Volume 1},
pages = {448–453},
numpages = {6},
location = {Montreal, Quebec, Canada},
series = {IJCAI'95}
}

@inbook{lch,
author = {Leacock, Claudia and Chodorow, Martin},
year = {1998},
month = {01},
pages = {265-},
title = {Combining Local Context and WordNet Similarity for Word Sense Identification},
volume = {49},
journal = {WordNet: An Electronic Lexical Database}
}

@article{websim,
author = {Bollegala, Danushka and Matsuo, Yutaka and Ishizuka, Mitsuru},
year = {2007},
month = {01},
pages = {},
title = {WebSim: a web-based semantic similarity measure}
}

@inproceedings{radinsky,
author = {Radinsky, Kira and Agichtein, Eugene and Gabrilovich, Evgeniy and Markovitch, Shaul},
year = {2011},
month = {January},
pages = {337-346},
title = {A Word at a Time: Computing Word Relatedness using Temporal Semantic Analysis},
journal = {Proceedings of the 20th International Conference on World Wide Web, WWW 2011},
doi = {10.1145/1963405.1963455}
}

@misc{search,
author = {Mario Vilas},
title = {Welcome to googlesearch’s documentation!},
howpublished = {\url{https://python-googlesearch.readthedocs.io/en/latest/}},
year = {2018},
note = {Accessed on 01.11.2020}
}

@article{slimani,
   title={Description and Evaluation of Semantic Similarity Measures Approaches},
   volume={80},
   ISSN={0975-8887},
   url={http://dx.doi.org/10.5120/13897-1851},
   DOI={10.5120/13897-1851},
   number={10},
   journal={International Journal of Computer Applications},
   publisher={Foundation of Computer Science},
   author={Slimani, Thabet},
   year={2013},
   month={Oct},
   pages={25–33}
}


@misc{nltkwordnet,
author = {NLTK Project},
title = {Source code for nltk.corpus.reader.wordnet},
howpublished = {\url{https://www.nltk.org/\_modules/nltk/corpus/reader/wordnet.html}},
year = {2020},
note = {Accessed on 04.11.2020}
}

@book{perkins,
  title={Python 3 Text Processing with NLTK 3 Cookbook},
  author={Jacob Perkins},
  isbn={9781505492767},
  url={https://books.google.fi/books?id=eCHarQEACAAJ},
  year={2014},
  month={August},
  publisher={CreateSpace Independent Publishing Platform}
}

@misc{customsearch,
author = {Google Developers},
title = {Custom Search JSON API},
howpublished = {\url{https://developers.google.com/custom-search/v1/overview}},
year = {2020},
note = {Accessed on 01.11.2020}
}

@article{miller,
author = {George A.   Miller  and  Walter G.   Charles},
title = {Contextual correlates of semantic similarity},
journal = {Language and Cognitive Processes},
volume = {6},
number = {1},
pages = {1-28},
year  = {1991},
publisher = {Routledge},
doi = {10.1080/01690969108406936},
}

@article{navarro,
author = {Navarro, Gonzalo},
title = {A Guided Tour to Approximate String Matching},
year = {2001},
issue_date = {March 2001},
publisher = {Association for Computing Machinery},
address = {New York, NY, USA},
volume = {33},
number = {1},
doi = {10.1145/375360.375365},
month = {March},
pages = {31–88},
}

@misc{fuzzy,
author = {Francisco Javier Carrera Arias},
title = {Fuzzy String Matching in Python},
howpublished = {\url{https://www.datacamp.com/community/tutorials/fuzzy-string-python}},
year = {2019},
month = {February},
day = {06},
note = {Accessed on 04.11.2020},
}

@misc{mohit,
author = {Mohit Gupta},
title = {NLP | WuPalmer – WordNet Similarity},
howpublished = {\url{https://www.geeksforgeeks.org/nlp-wupalmer-wordnet-similarity/}},
day ={28},
month={January},
year = {2019},
note = {Accessed on 06.11.2020},
}

@article{levenshtein,
  title={Binary codes capable of correcting deletions, insertions, and reversals},
  author={V. I. Levenshtein},
  journal={Soviet physics. Doklady},
  year={1965},
  volume={10},
  pages={707-710}
}